@book{pontryagin2018mathematical,
  title={Mathematical theory of optimal processes},
  author={Pontryagin, Lev Semenovich},
  year={2018},
  publisher={Routledge}
}

@article{rumelhart1988learning,
  title={Learning representations by back-propagating errors},
  author={Rumelhart, David E and Hinton, Geoffrey E and Williams, Ronald J and others},
  journal={Cognitive modeling},
  volume={5},
  number={3},
  pages={1},
  year={1988}
}

@article{hutchinson1990stochastic,
  title={A stochastic estimator of the trace of the influence matrix for laplacian smoothing splines},
  author={Hutchinson, Michael F},
  journal={Communications in Statistics-Simulation and Computation},
  volume={19},
  number={2},
  pages={433--450},
  year={1990},
  publisher={Taylor \& Francis}
}

@article{hochreiter1997long,
  title={Long short-term memory},
  author={Hochreiter, Sepp and Schmidhuber, J{\"u}rgen},
  journal={Neural computation},
  volume={9},
  number={8},
  pages={1735--1780},
  year={1997},
  publisher={MIT Press}
}

@article{hochreiter1998vanishing,
  title={The vanishing gradient problem during learning recurrent neural nets and problem solutions},
  author={Hochreiter, Sepp},
  journal={International Journal of Uncertainty, Fuzziness and Knowledge-Based Systems},
  volume={6},
  number={02},
  pages={107--116},
  year={1998},
  publisher={World Scientific}
}

@article{bengio2003neural,
  title={A neural probabilistic language model},
  author={Bengio, Yoshua and Ducharme, R{\'e}jean and Vincent, Pascal and Jauvin, Christian},
  journal={Journal of machine learning research},
  volume={3},
  number={Feb},
  pages={1137--1155},
  year={2003}
}

@book{martin2009speech,
  title={Speech and language processing: An introduction to natural language processing, computational linguistics, and speech recognition},
  author={Martin, James H and Jurafsky, Daniel},
  year={2009},
  publisher={Pearson/Prentice Hall Upper Saddle River}
}

@inproceedings{mikolov2010recurrent,
  title={Recurrent neural network based language model},
  author={Mikolov, Tom{\'a}{\v{s}} and Karafi{\'a}t, Martin and Burget, Luk{\'a}{\v{s}} and {\v{C}}ernock{\`y}, Jan and Khudanpur, Sanjeev},
  booktitle={Eleventh annual conference of the international speech communication association},
  year={2010}
}

@article{pascanu2012understanding,
  title={Understanding the exploding gradient problem},
  author={Pascanu, Razvan and Mikolov, Tomas and Bengio, Yoshua},
  journal={CoRR, abs/1211.5063},
  volume={2},
  year={2012}
}

@inproceedings{pascanu2013difficulty,
  title={On the difficulty of training recurrent neural networks},
  author={Pascanu, Razvan and Mikolov, Tomas and Bengio, Yoshua},
  booktitle={International conference on machine learning},
  pages={1310--1318},
  year={2013}
}

@article{dinh2014nice,
  title={Nice: Non-linear independent components estimation},
  author={Dinh, Laurent and Krueger, David and Bengio, Yoshua},
  journal={arXiv preprint arXiv:1410.8516},
  year={2014}
}

@article{rezende2015variational,
  title={Variational inference with normalizing flows},
  author={Rezende, Danilo Jimenez and Mohamed, Shakir},
  journal={arXiv preprint arXiv:1505.05770},
  year={2015}
}

@inproceedings{he2016deep,
  title={Deep residual learning for image recognition},
  author={He, Kaiming and Zhang, Xiangyu and Ren, Shaoqing and Sun, Jian},
  booktitle={Proceedings of the IEEE conference on computer vision and pattern recognition},
  pages={770--778},
  year={2016}
}

@article{ha2016hypernetworks,
  title={Hypernetworks},
  author={Ha, David and Dai, Andrew and Le, Quoc V},
  journal={arXiv preprint arXiv:1609.09106},
  year={2016}
}

@article{merity2017regularizing,
  title={Regularizing and optimizing LSTM language models},
  author={Merity, Stephen and Keskar, Nitish Shirish and Socher, Richard},
  journal={arXiv preprint arXiv:1708.02182},
  year={2017}
}

@article{yang2017breaking,
  title={Breaking the softmax bottleneck: A high-rank RNN language model},
  author={Yang, Zhilin and Dai, Zihang and Salakhutdinov, Ruslan and Cohen, William W},
  journal={arXiv preprint arXiv:1711.03953},
  year={2017}
}

@article{lu2017beyond,
  title={Beyond finite layer neural networks: Bridging deep architectures and numerical differential equations},
  author={Lu, Yiping and Zhong, Aoxiao and Li, Quanzheng and Dong, Bin},
  journal={arXiv preprint arXiv:1710.10121},
  year={2017}
}

@article{haber2017stable,
  title={Stable architectures for deep neural networks},
  author={Haber, Eldad and Ruthotto, Lars},
  journal={Inverse Problems},
  volume={34},
  number={1},
  pages={014004},
  year={2017},
  publisher={IOP Publishing}
}

@inproceedings{vaswani2017attention,
  title={Attention is all you need},
  author={Vaswani, Ashish and Shazeer, Noam and Parmar, Niki and Uszkoreit, Jakob and Jones, Llion and Gomez, Aidan N and Kaiser, {\L}ukasz and Polosukhin, Illia},
  booktitle={Advances in neural information processing systems},
  pages={5998--6008},
  year={2017}
}

@article{kumar2018mises,
  title={Von Mises-Fisher loss for training sequence to sequence models with continuous outputs},
  author={Kumar, Sachin and Tsvetkov, Yulia},
  journal={arXiv preprint arXiv:1812.04616},
  year={2018}
}

@article{devlin2018bert,
  title={Bert: Pre-training of deep bidirectional transformers for language understanding},
  author={Devlin, Jacob and Chang, Ming-Wei and Lee, Kenton and Toutanova, Kristina},
  journal={arXiv preprint arXiv:1810.04805},
  year={2018}
}

@article{ruthotto2018deep,
  title={Deep neural networks motivated by partial differential equations},
  author={Ruthotto, Lars and Haber, Eldad},
  journal={arXiv preprint arXiv:1804.04272},
  year={2018}
}

@article{takase2018direct,
  title={Direct output connection for a high-rank language model},
  author={Takase, Sho and Suzuki, Jun and Nagata, Masaaki},
  journal={arXiv preprint arXiv:1808.10143},
  year={2018}
}

@inproceedings{chen2018neural,
  title={Neural ordinary differential equations},
  author={Chen, Tian Qi and Rubanova, Yulia and Bettencourt, Jesse and Duvenaud, David K},
  booktitle={Advances in neural information processing systems},
  pages={6571--6583},
  year={2018}
}

@article{grathwohl2018ffjord,
  title={Ffjord: Free-form continuous dynamics for scalable reversible generative models},
  author={Grathwohl, Will and Chen, Ricky TQ and Betterncourt, Jesse and Sutskever, Ilya and Duvenaud, David},
  journal={arXiv preprint arXiv:1810.01367},
  year={2018}
}

@article{radford2019language,
  title={Language models are unsupervised multitask learners},
  author={Radford, Alec and Wu, Jeffrey and Child, Rewon and Luan, David and Amodei, Dario and Sutskever, Ilya},
  journal={OpenAI Blog},
  volume={1},
  number={8},
  year={2019}
}

@article{ganea2019breaking,
  title={Breaking the softmax bottleneck via learnable monotonic pointwise non-linearities},
  author={Ganea, Octavian-Eugen and Gelly, Sylvain and B{\'e}cigneul, Gary and Severyn, Aliaksei},
  journal={arXiv preprint arXiv:1902.08077},
  year={2019}
}